@misc{cross2017openquantumassemblylanguage,
      title={Open Quantum Assembly Language},
      author={Andrew W. Cross and Lev S. Bishop and John A. Smolin and Jay M. Gambetta},
      year={2017},
      eprint={1707.03429},
      archivePrefix={arXiv},
      primaryClass={quant-ph},
      url={https://arxiv.org/abs/1707.03429},
}

@misc{qiskit2024,
      title={Quantum computing with {Q}iskit},
      author={Javadi-Abhari, Ali and Treinish, Matthew and Krsulich, Kevin and Wood, Christopher J. and Lishman, Jake and Gacon, Julien and Martiel, Simon and Nation, Paul D. and Bishop, Lev S. and Cross, Andrew W. and Johnson, Blake R. and Gambetta, Jay M.},
      year={2024},
      doi={10.48550/arXiv.2405.08810},
      eprint={2405.08810},
      archivePrefix={arXiv},
      primaryClass={quant-ph}
}

@misc{pan2023efficientquantumcircuitsimulation,
      title={Efficient Quantum Circuit Simulation by Tensor Network Methods on Modern GPUs},
      author={Feng Pan and Hanfeng Gu and Lvlin Kuang and Bing Liu and Pan Zhang},
      year={2023},
      eprint={2310.03978},
      archivePrefix={arXiv},
      primaryClass={quant-ph},
      url={https://arxiv.org/abs/2310.03978},
}

@misc{biamonte2017tensornetworksnutshell,
      title={Tensor Networks in a Nutshell},
      author={Jacob Biamonte and Ville Bergholm},
      year={2017},
      eprint={1708.00006},
      archivePrefix={arXiv},
      primaryClass={quant-ph},
      url={https://arxiv.org/abs/1708.00006},
}

@misc{coppersmith2002approximatefouriertransformuseful,
      title={An approximate Fourier transform useful in quantum factoring},
      author={D. Coppersmith},
      year={2002},
      eprint={quant-ph/0201067},
      archivePrefix={arXiv},
      primaryClass={quant-ph},
      url={https://arxiv.org/abs/quant-ph/0201067},
}

@article{PhysRevE.90.033315,
  title = {Faster identification of optimal contraction sequences for tensor networks},
  author = {Pfeifer, Robert N. C. and Haegeman, Jutho and Verstraete, Frank},
  journal = {Phys. Rev. E},
  volume = {90},
  issue = {3},
  pages = {033315},
  numpages = {18},
  year = {2014},
  month = {Sep},
  publisher = {American Physical Society},
  doi = {10.1103/PhysRevE.90.033315},
  url = {https://link.aps.org/doi/10.1103/PhysRevE.90.033315}
}
